2954 4436
538 1335 883 1414 CLEOPATRA.

209 1500 328 1559 Nocrs
343 1517 497 1575 oppressa
513 1517 597 1556 nova
613 1495 776 1573 Memphis
791 1493 890 1566 iacet;
914 1493 1055 1573 undique
1069 1494 1199 1572 planctu

211 1605 395 1666 Thebarum
412 1613 561 1663 resonant
576 1612 687 1679 portae
702 1601 880 1680 miseroque
894 1601 1053 1662 tumultu:

211 1711 361 1772 Carmine
376 1710 508 1770 sollenni
524 1729 581 1769 nec
596 1709 661 1768 iam
676 1707 826 1768 sublimia
840 1707 935 1785 pictis

212 1819 298 1897 Quot
314 1828 381 1877 tota
396 1817 571 1893 adsurgunt
587 1816 736 1894 Aegypto
750 1815 869 1891 templa
884 1813 1041 1874 columnis

210 1925 321 1986 Sidera
337 1943 394 1983 nec
409 1921 520 2000 pingui
535 1921 643 1982 nidore
659 1921 797 1998 maligna
813 1920 958 1998 fatigant,

210 2031 273 2092 Sed
289 2029 426 2107 gemitus
441 2036 550 2087 contra
566 2027 707 2086 exoritur
722 2025 904 2103 circumque
918 2025 1028 2086 voluta

211 2137 378 2196 Murmura
393 2134 526 2194 desertis
540 2133 604 2193 late
618 2133 820 2212 geminantur
835 2131 948 2192 arenis.

212 2241 375 2301 Maximus
389 2241 546 2300 undarum
563 2239 657 2300 Nilus
671 2238 811 2298 crudelia
825 2237 930 2316 gentis

210 2349 294 2407 Fata
308 2367 385 2407 suae
400 2346 503 2424 plorat
518 2345 644 2417 frustra,
659 2345 825 2421 victasque
839 2343 990 2404 remissus

210 2453 262 2514 Ad
276 2460 408 2530 pontum
424 2451 564 2513 devolvit
580 2471 689 2529 aquas,
705 2459 736 2510 et
752 2449 883 2511 flumine
899 2459 965 2512 toto

211 2561 276 2620 Dat
292 2559 440 2638 gemitus.
484 2559 571 2636 Ergo
586 2556 683 2617 series
698 2556 884 2634 longissima
899 2577 1003 2617 rerum

211 2666 388 2738 Clauditur,
405 2665 587 2725 innumeros
601 2672 632 2724 et
648 2663 815 2724 nobilitata
829 2684 886 2742 per
902 2684 1002 2724 annos

211 2774 344 2850 Sceptra
358 2771 463 2832 iacent
476 2790 483 2842 ;
506 2771 624 2830 servire
638 2778 752 2847 parant
767 2770 822 2849 qui
837 2770 921 2830 mille
935 2769 1078 2830 ferebant

210 2879 304 2939 Tunc
318 2878 416 2938 etiam
430 2876 539 2955 populi
554 2876 726 2956 longinqua
741 2877 782 2936 ab
797 2875 917 2954 origine
931 2875 1034 2952 gentis

211 2985 357 3057 Saecula,
375 2984 561 3044 Laomedon
576 3003 648 3043 cum
664 2984 805 3043 nondum
821 2982 952 3043 incensa
966 2983 1102 3060 parabat

211 3091 355 3152 Numina
369 3088 499 3167 flagitiis
514 3109 749 3167 memoremque
762 3089 795 3147 in
811 3087 935 3148 moenia
952 3087 1067 3148 Troiae

212 3199 369 3259 Divorum
384 3196 547 3257 invidiam.
592 3197 664 3275 Quo
679 3196 743 3255 iam
759 3202 930 3272 tantosque
944 3192 1067 3254 labores

211 3305 337 3383 Totque
352 3324 449 3363 manu
463 3303 570 3364 valida
583 3311 650 3362 tam
665 3303 760 3381 longo
774 3310 915 3378 tempore
929 3300 1012 3361 bella

212 3411 399 3472 Primaevos
413 3409 549 3489 gessisse
563 3419 682 3488 patreS,
698 3429 761 3487 quo
775 3407 929 3467 immania
944 3407 1008 3467 late

212 3517 348 3597 Templa
363 3516 437 3596 polo
452 3535 658 3594 exaequasse,
673 3523 866 3593 aeternaque
880 3513 1019 3591 pondera
1033 3521 1119 3575 certo
