2954 4436
725 664 745 728 8

233 847 384 926 Namque
399 847 507 908 subest
523 846 648 925 utrique
662 846 770 906 odium
786 847 937 925 regnique
951 847 1067 924 cupido

231 952 383 1024 Aemula;
407 973 470 1013 non
486 953 600 1013 animis
615 962 704 1012 actos
719 951 751 1011 in
768 951 878 1012 funera
894 953 942 1013 fas
956 961 1004 1014 est

232 1058 398 1138 Colloquio
414 1059 561 1119 cohibere
577 1067 631 1118 aut
647 1059 832 1135 compositis
847 1059 1043 1136 hymenaeiS,

232 1167 302 1227 Nec
316 1166 406 1227 caelo
421 1165 572 1226 emissum
587 1165 735 1242 precibus
750 1165 942 1242 suspendere
956 1165 1087 1228 fulmen.

293 1273 337 1332 Et
353 1273 531 1349 Cleopatra,
548 1271 607 1330 deo
621 1279 669 1330 tot
684 1269 859 1330 vaticinata
874 1279 1006 1332 cruento

232 1380 360 1439 Funera
376 1378 494 1452 deberi,
511 1397 596 1437 nunc
611 1376 674 1436 huc
688 1397 773 1437 nunc
787 1376 901 1437 dividit
917 1377 991 1437 illuc

231 1485 414 1563 Ancipitem
429 1484 514 1544 curis
528 1483 681 1556 animum,
697 1503 818 1561 perque
832 1484 938 1543 omnia
954 1492 1069 1558 versat,

230 1591 332 1668 Saepe
347 1610 462 1670 rogans
477 1590 554 1669 quid
568 1590 634 1650 fata
648 1588 759 1661 ferant,
775 1589 838 1649 utri
853 1589 919 1650 alta
933 1590 1081 1650 voluntas

231 1697 409 1758 Conciliata
423 1698 528 1771 deum,
544 1695 691 1757 valeatne
705 1704 760 1755 aut
776 1695 875 1756 milite
889 1704 920 1756 et
936 1696 1033 1756 armis

230 1804 296 1864 Hic
311 1813 367 1864 aut
381 1803 562 1880 pectoribus
577 1822 681 1862 rerum
696 1802 767 1879 plus
781 1801 834 1860 ille
848 1801 978 1878 peritis3

229 1910 272 1971 Et
287 1930 371 1970 nunc
386 1909 506 1970 Antoni
521 1908 615 1968 nullis
630 1906 776 1984 pellenda
791 1906 917 1983 periclis

228 2016 397 2078 Constanti
412 2016 514 2076 virtus
529 2014 635 2074 animo
649 2021 680 2074 et
696 2013 863 2090 prudentia
878 2013 973 2074 rebus

226 2123 309 2182 Tam
324 2121 451 2182 firmata
464 2120 562 2181 trahit
577 2119 717 2192 dubiam,
733 2139 818 2178 nunc
833 2119 936 2179 sidere
952 2120 1072 2180 Caesar

227 2229 349 2291 Invitat
364 2227 468 2307 patrio
483 2236 515 2288 et
530 2225 688 2305 praesenti
704 2225 833 2285 numine
849 2224 934 2286 felix.

226 2337 290 2397 Vix
305 2337 515 2396 alternantem
533 2335 705 2393 Parcarum
721 2332 890 2392 inamabile
905 2333 1005 2393 vincit

226 2443 417 2520 Imperium:
441 2440 560 2501 Antoni
575 2439 721 2517 proprias
736 2438 796 2498 sibi
811 2458 935 2499 sumere
950 2448 1058 2517 partes

228 2552 322 2612 Mens
337 2549 434 2621 stetit,
451 2549 535 2609 hunc
550 2547 664 2624 opibus
678 2546 744 2606 volt
760 2553 937 2606 sustentare
952 2566 1074 2625 suoque

228 2657 340 2730 Milite,
357 2676 455 2736 seque
469 2654 560 2716 ducis
575 2662 661 2714 certo
676 2653 795 2713 sociare
813 2651 986 2730 triumph0,

228 2765 380 2835 Demens,
396 2781 454 2823 nec
468 2761 565 2839 capiti
580 2759 891 2838 superimpendentia
906 2758 973 2820 lata

228 2869 380 2947 Respicit,
396 2878 428 2929 et
443 2867 537 2928 simili
553 2887 649 2945 seque
665 2867 912 2944 Aegyptumque
927 2865 1019 2926 ruina

230 2978 413 3038 Demersas

451 3081 507 3141 Ille
522 3079 642 3140 interea
656 3099 690 3139 se
704 3078 745 3138 ad
759 3076 891 3137 flumina
907 3078 1012 3157 Cydni

229 3191 316 3250 Dum
332 3196 428 3260 tenet,
444 3188 506 3247 huc
520 3186 629 3265 regina
644 3184 730 3245 viam
745 3203 841 3261 super
856 3203 993 3262 aequora
1008 3184 1103 3244 remis

229 3295 377 3365 Molitur;
402 3312 508 3354 rumor
523 3291 635 3369 rapida
649 3289 856 3368 praenuntius
871 3288 922 3350 ala

228 3402 335 3465 Urbes
349 3420 404 3478 per
419 3399 555 3460 Cilicum
570 3417 687 3477 perque
704 3396 782 3457 Asia
795 3415 869 3456 rura
883 3405 1036 3474 vagatur;

228 3509 360 3572 Visendi
375 3506 481 3569 studio
495 3506 536 3567 ad
551 3505 638 3584 ripas
652 3504 727 3564 hinc
742 3503 815 3564 inde
830 3503 969 3565 tumultu
