2954 4436
717 682 737 747 7

230 847 393 908 Pellaeum
408 847 448 908 ad
463 855 608 924 portum;
631 846 780 925 precibus
794 845 941 906 laxantur
956 853 987 905 et
1002 864 1080 904 auro

229 955 344 1015 Vincla
359 953 467 1026 Phari,
484 952 657 1032 patriisque
672 953 761 1014 offert
777 973 846 1014 sese
861 950 950 1012 exsul
964 952 996 1010 in
1011 951 1093 1013 aulis

230 1062 371 1122 Ausonio
385 1061 558 1138 improvisa
571 1059 655 1132 duci,
671 1078 830 1137 passoque
845 1059 960 1137 capillo

230 1167 354 1230 Sollerti
369 1165 461 1226 fictos
475 1165 608 1226 effundit
623 1185 702 1226 voce
717 1165 842 1226 dolores

231 1274 274 1333 Et
289 1281 378 1351 rogat
394 1273 539 1332 ultorem.
583 1271 692 1332 Potuit
707 1291 769 1331 non
785 1273 896 1332 cedere
912 1271 1017 1332 verbis

231 1380 299 1450 Ille,
314 1379 370 1440 sed
384 1377 486 1439 oranti
501 1376 621 1437 formae
636 1375 785 1438 facundia
800 1377 901 1456 major

230 1483 398 1559 Subvenit,
413 1493 444 1544 et
458 1483 563 1562 regnis
578 1483 662 1560 turpi
678 1483 823 1544 mercede
837 1483 972 1561 receptis

232 1593 275 1652 Et
291 1600 322 1652 te
336 1590 507 1663 dedomit0,
525 1590 652 1662 Caesar,
669 1590 841 1668 Cleopatra
856 1591 1010 1669 superbit.

294 1805 337 1865 At
352 1803 460 1882 regina
475 1803 531 1863 diu
545 1811 611 1864 tam
626 1823 696 1863 sese
711 1810 841 1880 experta
858 1804 1016 1865 valentem

232 1910 416 1971 Ambitione
430 1929 514 1970 nova
529 1909 709 1988 pariterque
724 1908 854 1970 libidine
869 1909 994 1988 flagrat,

233 2017 263 2076 N
267 2036 304 2076 ec
319 2016 398 2076 satis
413 2015 473 2075 hoc
489 2014 543 2074 uni
558 2022 627 2074 rata
643 2015 726 2092 quod
741 2013 802 2074 sibi
817 2025 927 2092 pareat
943 2015 1055 2096 ingens

234 2123 409 2201 Aegyptus,
426 2131 515 2181 tanto
530 2129 637 2198 sperat
651 2119 831 2182 discrimine
846 2141 951 2182 rerum

235 2230 435 2288 Momentum
450 2226 598 2304 ancipitis
614 2246 677 2304 quo
692 2226 898 2287 declinaverit
913 2228 999 2290 orbis

234 2335 276 2396 Se
291 2334 367 2407 fore,
384 2354 417 2394 se
432 2332 541 2393 Tiberi
556 2351 638 2409 quae
654 2332 730 2392 Nilo
742 2333 814 2410 jura
829 2333 996 2408 daturam;

235 2440 316 2500 Esse
330 2438 448 2500 etenim
464 2458 497 2498 se
511 2438 677 2514 pulchram
692 2438 765 2499 ideo
779 2448 815 2499 ut
829 2438 894 2500 iam
908 2440 1043 2521 denique
1058 2443 1150 2504 terris

235 2545 370 2606 Femina
384 2543 574 2621 praesideat.
619 2544 689 2602 lam
704 2553 772 2603 tum
788 2544 842 2604 vix
857 2565 945 2606 arma
962 2547 1118 2626 Philippis

236 2655 327 2715 Mota
341 2652 548 2731 quiescebant
563 2651 736 2729 mundique
751 2651 864 2713 iterata
880 2653 1017 2716 dolentis

235 2758 390 2831 Discidia,
407 2766 439 2818 at
455 2776 589 2836 magnae
603 2758 777 2818 certamina
791 2759 885 2819 tertia
903 2761 1024 2822 Romae

235 2868 318 2926 Fata
334 2872 459 2942 parant,
474 2871 521 2923 ter
535 2862 618 2924 bella
633 2863 699 2940 pati
714 2864 819 2925 civilia
835 2875 962 2944 cogunt,

235 2970 392 3032 Arsacida
405 2970 542 3029 necdum
557 2969 696 3030 edomito
710 2970 829 3032 violare
844 2973 963 3034 Latino

237 3076 400 3157 Sanguine
415 3075 605 3153 longinquos
619 3096 752 3154 campos
766 3085 963 3158 pontumque
979 3081 1160 3160 Pelasgum.

237 3187 371 3262 Iamque
386 3183 465 3242 adeo
481 3192 614 3242 ventura
630 3202 742 3242 sonum
758 3191 826 3243 toto
840 3185 917 3245 orbe
931 3186 1087 3249 minacem

239 3289 364 3351 Proelia
378 3289 454 3349 dant
468 3288 578 3365 longe:
601 3287 675 3347 hinc
690 3309 760 3349 sese
774 3309 851 3367 puer
864 3290 917 3352 ille
931 3303 1078 3372 receptus

237 3398 376 3460 Gentem
392 3396 424 3454 in
440 3395 639 3468 Caesaream,
654 3395 728 3455 hinc
743 3396 902 3458 Antonius
917 3399 1019 3477 erigit,
1034 3401 1079 3462 illi

238 3504 379 3566 Foedere
394 3501 458 3562 iam
474 3501 591 3562 frustra
605 3501 670 3561 ficti
685 3502 824 3564 sociatus
839 3504 973 3580 amoris;
