2954 4436
749 679 769 740 6

259 859 467 940 Pyramidum
482 859 633 921 fundasse
648 861 727 934 loce,
743 859 945 940 domitasque
960 860 1104 939 superbis

260 969 453 1028 Immensanr
468 975 579 1046 gentes
594 967 707 1028 seriem
721 967 919 1045 inscripsisse
933 967 1099 1041 columnis

260 1073 295 1135 Si
309 1082 403 1152 rapta
420 1073 536 1134 virtute
550 1081 676 1150 patrum
691 1081 798 1133 manet
812 1073 901 1133 irrita
916 1074 996 1152 proli

260 1179 380 1253 Gloria,
396 1179 532 1240 leminea
546 1200 629 1258 quae
643 1178 780 1257 impulsa
795 1179 924 1241 libidine
938 1188 1007 1242 tota

261 1285 419 1348 Corruat?

461 1391 602 1454 Occiduo
617 1411 675 1452 ceu
690 1391 849 1470 quondam
864 1392 968 1452 lucida
984 1393 1070 1454 caelo

261 1499 330 1559 Fax
346 1498 488 1571 Veneris,
504 1518 575 1558 curn
592 1497 743 1558 Phoebus
758 1499 824 1558 abit
840 1507 1015 1577 urgentque
1028 1499 1178 1561 tenebrae

260 1606 414 1682 Desuper,
429 1603 562 1664 eminuit
577 1604 727 1683 caecique
742 1606 782 1665 ad
798 1604 907 1665 limina
922 1605 1011 1683 ponti

259 1709 428 1771 Substitit:
451 1708 606 1787 oppositis
620 1710 757 1770 tremulo
772 1729 805 1770 se
819 1709 924 1771 reddit
939 1711 971 1770 in
987 1711 1080 1772 undis

227 1803 229 1808 ’
259 1815 408 1889 Lumine,
424 1824 492 1875 tum
507 1814 638 1892 depulsa
653 1815 726 1888 ruit,
742 1823 905 1896 terrasque
919 1817 1076 1894 profunda

258 1923 404 2001 Aeraque
419 1909 647 2001 Oceanumque
662 1922 777 1999 premit
793 1943 855 1982 nox
870 1923 979 1984 invida
993 1925 1094 1985 nube:

259 2030 358 2089 Haud
373 2028 464 2088 aliter
478 2047 588 2108 regum
604 2027 793 2088 Phariorum
809 2049 843 2090 se
858 2028 969 2089 ultima
984 2029 1066 2091 tollit

259 2135 430 2214 Progenies
446 2135 625 2212 Cleopatra,
642 2135 745 2194 ruenti
761 2143 792 2195 et
807 2135 967 2213 praesidet
982 2135 1051 2213 ipsa

258 2244 363 2305 Causa
378 2242 540 2302 ruinarum
554 2241 686 2318 patriae.
730 2240 839 2300 Primo
854 2241 907 2301 illa
920 2241 1069 2304 iuventae

258 2349 352 2409 Flore
367 2348 466 2408 invita
482 2347 531 2408 sui
546 2347 665 2425 patitur
679 2347 836 2407 connubia
852 2347 965 2421 fratris,

260 2456 473 2532 Mon—quae
487 2473 627 2532 namque
643 2453 726 2513 ferae
741 2452 932 2513 commercia
947 2462 1017 2516 tuta
1030 2454 1160 2516 leaenae

259 2563 302 2622 Et
317 2581 411 2622 cervo
426 2559 544 2620 imbelli
558 2559 652 2618 l-lis
667 2559 777 2618 incidit
792 2557 954 2636 improba;
977 2561 1082 2639 regnis

259 2667 423 2730 Seditione
437 2667 517 2744 fugit
532 2665 638 2726 subita
654 2664 833 2738 exturbata,
849 2666 1020 2745 Syrosque,

259 2774 365 2835 Triste
379 2772 510 2850 puellari
526 2771 684 2832 meditans
699 2771 758 2832 sub
773 2779 901 2849 pectore
915 2772 1043 2846 bellurn,

258 2879 399 2958 Adpetit,
415 2887 608 2956 externaque
623 2897 721 2937 manu
735 2877 889 2958 inuasisse
904 2887 1036 2956 paterna

259 2985 408 3046 Audebat
420 2985 486 3062 jam
501 3003 608 3062 regna,
624 2983 685 3043 nisi
700 2984 762 3042 huc
776 2984 928 3044 devectus
942 2986 1066 3047 adesset

259 3092 334 3152 Heu
349 3089 466 3150 frustra
480 3098 545 3161 tua,
564 3089 691 3166 Magne,
708 3088 815 3169 legens
829 3088 966 3168 vestigia
981 3091 1110 3153 Caesar.

317 3198 405 3257 Nam
419 3196 556 3255 formosa
572 3214 649 3255 suae
665 3195 773 3274 regina
789 3215 892 3273 neque
906 3196 1007 3256 inscia
1022 3198 1142 3260 formae

258 3302 374 3363 Militia
389 3301 474 3361 fessa
487 3310 519 3360 et
534 3319 639 3360 rerum
654 3301 772 3361 satiata
786 3303 926 3362 secundo

257 3410 386 3470 Eventu
400 3406 556 3467 illecebris
571 3414 762 3484 pertemptat
777 3417 808 3467 et
822 3418 890 3469 arte
904 3410 1030 3486 procaci

256 3517 362 3582 Corda
378 3513 485 3576 ducis:
508 3512 588 3575 bene
603 3512 662 3576 fisa
678 3513 748 3590 sibi,
764 3526 833 3576 rate
848 3516 992 3595 provolat
1007 3537 1071 3582 una
