2954 4436
711 688 750 751 13

233 852 375 912 Numina
392 853 609 914 Romulidum.

231 957 274 1017 At
289 957 439 1019 miserum
454 959 516 1020 iam
533 958 638 1037 prisca
653 960 768 1020 ducem
783 960 843 1019 sub
856 968 985 1037 pectore
999 957 1102 1018 virtus

234 1064 307 1125 Urit
322 1065 513 1127 inexstincto
528 1067 644 1128 frustra
658 1067 801 1128 rediviva
817 1066 942 1127 dolore:

231 1170 420 1233 Carceribus
435 1172 538 1251 qualis
552 1172 713 1246 brevibus,
727 1193 822 1251 quem
837 1172 918 1233 forte
933 1172 1055 1233 leonem

232 1277 385 1340 Occultae
399 1299 510 1356 cepere
524 1278 649 1360 plagae,
664 1280 762 1341 trahit
775 1277 966 1358 irrequietus

232 1383 319 1443 Hinc
334 1394 429 1463 atque
443 1386 518 1447 inde
532 1387 656 1464 pedem,
672 1387 845 1465 clausaque
859 1393 1025 1447 exaestuat
1040 1385 1104 1456 ira;

231 1488 319 1549 Talis
334 1499 365 1550 et
380 1491 540 1552 incassum
556 1494 657 1553 saevit
671 1513 774 1572 vagus
788 1492 841 1552 ille
856 1512 911 1570 per
922 1491 1023 1566 aulaS,

232 1595 275 1655 Et
291 1604 430 1674 quantus
444 1596 537 1659 fuerit
552 1607 703 1675 reputans
717 1606 749 1658 et
764 1598 872 1677 qualia
886 1598 1017 1659 demens

233 1701 425 1763 Perdiderit:
448 1724 505 1764 nec
519 1703 583 1764 iam
599 1704 699 1765 solitis
715 1705 885 1782 Cleopatra
899 1702 1055 1764 furentem

232 1805 394 1869 Illecebris
409 1809 531 1871 mollire
544 1810 629 1872 valet
644 1831 703 1872 nec
717 1810 859 1888 supplice
874 1809 972 1883 voltu,

231 1916 347 1995 Fitque
361 1916 464 1978 invisa
478 1918 548 1979 viro
562 1926 722 1980 tantorum
737 1938 834 1979 causa
849 1918 1015 1980 malorum.

232 2022 291 2085 Illa
305 2034 412 2085 tamen
430 2025 582 2106 (percepit
598 2025 694 2106 enim)
711 2027 776 2086 fera
791 2023 920 2086 flectere
934 2023 1038 2085 tendit

231 2131 336 2192 Corda
350 2130 432 2206 dolo,
448 2132 667 2210 inclusamque
681 2140 766 2193 tenet
781 2151 851 2192 sese
865 2131 936 2208 ipsa
952 2128 1128 2208 sepulchro,

231 2237 326 2315 Quod
341 2236 401 2298 sibi
416 2257 528 2316 sospes
542 2238 647 2298 adhuc
662 2237 821 2299 condebat
837 2237 920 2298 mole
935 2236 1090 2314 superba:

190 2405 194 2414 ,
231 2343 370 2404 Mortem
385 2364 419 2404 se
434 2343 563 2405 simulat
577 2344 724 2422 petiisse;
748 2364 785 2404 ea
801 2343 886 2421 fama
900 2362 954 2420 per
969 2341 1079 2402 urbem

231 2449 406 2529 Spargitur.
449 2451 568 2511 Antoni
583 2471 665 2530 quae
679 2471 742 2511 vox
757 2459 792 2511 ut
807 2449 894 2511 venit
909 2449 950 2509 ad
965 2467 1068 2521 aures,

230 2555 404 2634 Obstupuit
418 2557 566 2635 primum,
581 2557 680 2619 veteri
695 2565 763 2618 tum
779 2556 873 2618 cessit
888 2553 1006 2617 amori:

230 2663 340 2726 Litore
354 2684 413 2725 eeu
427 2665 589 2742 quondam
602 2685 676 2725 cum
691 2663 815 2744 longius
829 2664 915 2724 unda
930 2661 1069 2735 recessit,

229 2771 341 2832 Traxit
356 2781 387 2832 et
403 2772 435 2831 in
451 2791 485 2832 se
499 2779 615 2848 pontus
630 2791 740 2850 aquas,
756 2789 882 2831 cessare
896 2769 1045 2830 videntur

229 2878 357 2952 Omnia,
373 2898 447 2938 mox
462 2877 543 2938 alius
556 2877 688 2938 collecto
702 2878 842 2956 pondere
856 2875 973 2936 fluctus

231 2984 325 3045 Irruit
340 2992 372 3045 et
387 2984 450 3045 late
465 2984 603 3044 nudatas
618 2983 732 3063 mergit
746 2984 901 3054 harenas;

229 3091 283 3153 Sic
297 3090 343 3151 illi
357 3099 531 3152 renovatus
545 3109 644 3162 amor,
661 3088 707 3150 sic
722 3096 850 3168 pectore
865 3096 933 3149 toto

229 3197 398 3258 Exundat:
421 3216 479 3256 nee
493 3196 558 3256 iam
572 3195 714 3257 tumidus
728 3216 762 3256 se
776 3194 918 3258 continet
933 3201 1052 3267 aestus,

229 3303 298 3363 Nec
312 3302 433 3380 patitur
448 3321 506 3362 suo
520 3301 627 3362 vincla
642 3301 747 3362 dolor:
769 3300 909 3360 cruciata
925 3317 1092 3377 supremos

228 3409 335 3471 Corda
348 3408 408 3469 viri
423 3409 551 3469 solvunt
564 3407 712 3487 gemitus,
728 3426 786 3468 nec
801 3404 892 3483 plura
907 3413 1049 3466 moratus

229 3515 355 3582 Prosilit
370 3515 466 3598 inque
480 3534 590 3576 ensem
604 3533 674 3574 sese
688 3512 787 3574 inicit.
831 3513 960 3594 Integra
975 3510 1066 3575 venis
