2954 4436
738 672 778 741 14

256 840 332 901 Vita
347 849 453 903 tamen
468 851 588 919 perstat
604 841 728 916 misero,
743 850 775 904 et
789 841 919 920 periisse
934 849 1096 920 rogantem

258 949 346 1008 Mors
361 949 444 1010 ultro
457 948 583 1027 refugit.

620 1057 779 1119 Funestos
794 1057 847 1116 illa
862 1054 1006 1117 dolorum

256 1160 359 1221 Discit
375 1160 429 1222 ubi
444 1170 587 1235 eventus,
602 1182 723 1237 amens,
739 1162 900 1234 exterrita,
916 1161 989 1221 duci

255 1267 416 1329 Continuo
430 1269 518 1331 iubet
534 1271 574 1331 ad
590 1290 669 1344 sese,
685 1270 868 1348 gremioque
882 1267 988 1329 fovere

255 1373 439 1454 Osculaque
453 1377 607 1454 exsangui
621 1376 791 1455 flagrantia
806 1375 903 1456 figere
917 1372 1012 1435 fronti

256 1480 390 1558 Incipit;
413 1490 446 1543 at
460 1483 558 1544 tacita
574 1481 689 1544 mediis
701 1482 901 1561 amplexibus
916 1481 967 1542 ala

255 1587 372 1648 Obstat
387 1588 505 1666 pallida
522 1591 628 1652 Mors:
651 1589 834 1668 languentia
849 1588 990 1649 membra
1006 1586 1175 1666 rigescunt,

255 1692 456 1773 Aeternaque
471 1695 579 1756 oculos
594 1716 689 1775 sopor
703 1704 794 1775 urget
808 1695 928 1756 ferreus
944 1693 1067 1754 umbra.

314 1907 399 1968 Turn
414 1928 490 1970 vero
503 1907 682 1970 immodicis
696 1908 814 1987 rumpit
830 1907 999 1985 Cleopatra
1014 1906 1162 1984 querellis

254 2013 348 2086 Aera,
364 2023 395 2074 et
410 2014 442 2074 in
457 2034 598 2075 summos
613 2015 718 2075 audax
734 2014 878 2075 convicia
893 2021 1018 2092 torquet

254 2118 450 2192 Caelicolas;
474 2140 532 2180 nec
547 2120 610 2180 iam
625 2119 750 2181 facilem
765 2141 843 2181 cura
857 2119 921 2180 ulla
937 2119 1072 2180 salutem

253 2224 416 2302 Accipere,
433 2235 487 2287 aut
501 2247 594 2287 aures
608 2227 755 2305 precibus
769 2237 928 2305 temptare
942 2226 1096 2305 benignas

255 2332 413 2394 Caesaris.
458 2333 602 2395 Ardescit
618 2335 707 2396 venis
721 2343 790 2395 tum
804 2333 907 2412 patria
921 2333 1033 2406 virtus,

254 2439 411 2518 Mensque
425 2448 522 2500 exuta
537 2440 655 2500 malum
671 2440 866 2518 fugientibus
879 2440 978 2500 ardna
994 2439 1098 2516 pinnis

255 2546 409 2607 Mortales
423 2546 543 2624 spernit
557 2554 676 2619 coetus
692 2547 824 2624 adparet
839 2555 871 2606 et
885 2546 951 2606 alto

254 2652 387 2713 Pectore
401 2651 550 2712 nobilitas
565 2651 764 2730 trahiturque
779 2650 910 2712 libidine
925 2651 1046 2712 mortis.

253 2758 385 2837 Sceptra
400 2758 504 2819 lerunt
515 2757 623 2836 jussae
638 2767 669 2818 et
684 2756 819 2837 gemmis
834 2757 980 2818 diadema
995 2776 1164 2817 coruscum

253 2863 398 2924 Ancillae
412 2872 443 2924 et
459 2863 594 2923 Pharios
608 2883 689 2942 quae
703 2863 797 2943 longo
811 2872 952 2941 tempore
967 2882 1056 2941 reges

252 2971 401 3048 Purpura
413 2969 582 3030 vestierat:
606 2969 701 3030 simul
715 2969 843 3030 adstant
858 2969 979 3045 aspidis
993 2977 1067 3029 ante

252 3075 403 3137 Provisae
417 3075 561 3136 insidiae.
605 3074 746 3136 Sollenni
757 3075 887 3153 jamque
901 3083 1016 3151 paratu

252 3181 424 3259 Splendida
438 3201 472 3242 se
487 3180 603 3243 attollit
618 3180 840 3259 constantique
855 3180 967 3243 ultima
983 3199 1061 3241 voce

251 3287 359 3349 Verba
373 3287 485 3350 refert:

502 3394 587 3454 “Me
601 3393 721 3472 quippe
734 3392 799 3454 tuis
814 3393 937 3472 insigne
953 3393 1122 3471 triumphis

251 3499 378 3566 Addere
392 3499 452 3577 vis,
469 3499 598 3576 Caesar,
613 3499 721 3576 decuS,
736 3508 768 3560 et
784 3519 854 3560 mea
869 3498 950 3560 eolla
965 3500 1128 3582 sequentis
