2954 4436
707 721 727 784 9

218 884 315 944 Plebs
329 883 430 944 eflusa
446 883 508 944 ruit
524 882 623 956 vario,
640 884 822 962 stipataque
836 882 927 943 navis

216 989 399 1049 Adventum
414 996 588 1065 exspectat,
604 1007 685 1067 quae
700 1008 774 1047 mox
789 988 951 1048 adlabitur
965 1007 1091 1048 amnem

216 1094 388 1173 Splendida
403 1113 461 1172 per
475 1094 625 1154 medium.
669 1093 775 1155 Costis
789 1093 891 1153 illisus
906 1092 995 1155 aenis

217 1203 307 1261 Luce
321 1200 532 1278 repercutitur
547 1199 641 1260 rutila
657 1198 713 1272 sol,
729 1199 855 1278 iamque
870 1200 989 1276 putarit

217 1307 314 1368 Serus
329 1326 425 1386 agens
440 1327 565 1367 summo
580 1316 690 1384 pastor
704 1306 744 1366 de
760 1315 868 1367 monte
882 1306 1022 1385 capellas

216 1415 393 1474 Accensam
408 1411 542 1492 flagrare
557 1421 658 1472 ratem
673 1421 704 1474 et
719 1411 903 1473 fluvialibus
918 1411 1012 1473 undis

217 1519 375 1598 Spargere
389 1519 589 1578 Vulcanum:
612 1517 644 1578 in
660 1526 772 1578 ventos
787 1516 935 1578 diffundit
949 1518 1061 1578 odores

218 1627 370 1686 Porrecta
384 1633 496 1685 aurato
511 1624 651 1685 velorum
666 1643 806 1702 purpura
821 1624 923 1696 malo;

218 1733 340 1792 Aurum
356 1731 474 1810 puppis
489 1731 595 1804 habet,
612 1730 791 1810 refluosque
806 1739 975 1810 argenteus
989 1731 1066 1792 ordo

219 1840 392 1900 Remorum
405 1837 438 1897 in
454 1857 622 1898 numerum
639 1836 755 1898 fluctus
770 1837 852 1898 ferit.
897 1839 973 1916 Ipsa
986 1836 1083 1898 cubili

218 1944 372 2005 Sublimis
386 1943 494 2022 regina
510 1943 599 2004 sedet
612 1963 618 2016 ;
641 1943 778 2004 tentoria
793 1943 882 2004 tenui

218 2050 344 2111 Lucida
358 2049 556 2110 circumeunt
571 2049 625 2110 filo
640 2050 838 2127 formamque
852 2048 986 2110 iacentis

218 2159 348 2235 Oraque
362 2175 420 2216 nec
435 2154 541 2216 celant
555 2176 613 2216 nec
628 2156 853 2234 conspicienda
869 2156 1002 2235 profano

217 2264 302 2325 Tota
315 2263 409 2323 simul
424 2264 577 2341 praebent
593 2264 720 2342 populo,
737 2264 942 2343 studiumque
956 2263 1085 2325 videndi

217 2372 423 2432 Accendunt:
446 2369 521 2430 hinc
536 2370 619 2443 inde,
635 2371 712 2431 deas
727 2370 852 2431 imitata
867 2371 1017 2446 marinas,

217 2475 328 2536 Turba
343 2475 525 2536 ministeriis
540 2475 729 2536 famularum
744 2476 867 2537 intenta
882 2483 1027 2555 vagatur,

218 2583 324 2661 Atque
338 2581 420 2643 aliae
435 2581 553 2642 sollerti
567 2581 735 2644 intendunt
750 2581 883 2644 carbasa
895 2590 994 2656 tactu,

218 2689 293 2751 Una
309 2689 390 2767 regit
404 2707 516 2748 cursus
530 2687 720 2766 clavumque
734 2689 775 2749 ad
789 2688 882 2749 litora
896 2697 1032 2768 torquet.

279 2794 344 2854 Hic
358 2793 410 2854 ille
424 2791 592 2872 opperiens
606 2793 748 2873 reginam
766 2795 924 2855 Antonius
937 2794 1002 2856 alto

219 2901 308 2963 Urbe
323 2900 412 2961 sedet
428 2899 533 2960 media
547 2899 626 2960 solio
641 2899 808 2979 cordisque
822 2900 961 2962 tumultu

218 3007 357 3085 Ancipiti
371 3005 532 3086 gestitque
547 3006 641 3068 simul
656 3007 833 3085 metuitque
847 3007 955 3070 videre

219 3115 401 3175 Laudatam
417 3112 502 3174 fama
515 3112 648 3174 formam
663 3122 694 3174 et
710 3115 867 3174 contraria
883 3114 956 3177 fatis

219 3219 285 3280 Ora
300 3218 383 3279 suis:
405 3218 504 3280 densa
518 3218 622 3297 qualis
636 3219 696 3280 sub
711 3218 819 3283 fronde
833 3221 995 3284 colubram

218 3323 308 3385 Vidit
323 3323 377 3384 ubi
392 3323 572 3385 latitantem
587 3323 667 3400 avis,
683 3325 734 3385 ala
748 3326 886 3403 pendula
901 3328 994 3389 librat

219 3430 261 3492 Se
275 3431 421 3505 tremula,
438 3430 643 3510 squamisque
657 3429 741 3492 ferae
756 3433 954 3510 splendentia
969 3434 1064 3512 pictis

219 3537 325 3618 Terga
339 3537 524 3599 reformidat
539 3538 633 3599 simul
648 3547 679 3600 et
694 3539 836 3616 miratur,
853 3550 884 3602 et
898 3562 976 3606 auro
