2954 4436
721 697 759 741 11

242 861 407 936 Cursibus,
422 861 454 921 in
470 861 561 922 terris
575 861 678 940 liquit,
693 859 857 939 voluitque
871 879 927 938 per
941 858 1012 919 illos

243 971 341 1030 Posse
356 967 519 1028 hominum
535 968 561 1029 si
576 968 627 1027 cui
642 967 809 1044 prudentia
825 973 954 1044 pectora
970 984 1073 1025 rerum

241 1076 326 1135 Tuta
342 1094 397 1152 per
411 1093 566 1134 annorum
581 1073 691 1153 longas
707 1071 840 1151 vestigia
853 1071 934 1132 ferre

240 1181 412 1260 Ambages,
428 1181 595 1260 rapidique
609 1181 693 1241 viam
708 1179 901 1258 praevertier
916 1179 997 1240 aevi.

242 1289 331 1366 Quos
347 1287 446 1348 nostri
460 1287 608 1347 invenere
621 1294 745 1365 patres:
769 1285 843 1345 hinc
858 1293 999 1362 tempore
1013 1284 1108 1363 longo

242 1393 397 1454 Derivata
413 1401 520 1454 manet
536 1391 672 1458 Phariae
687 1391 843 1469 sapientia
858 1391 955 1470 genti,

243 1499 330 1560 Hinc
344 1500 440 1560 etiarn
456 1519 587 1560 aversae
601 1498 718 1572 cladeS,
733 1499 806 1558 hinc
822 1519 915 1574 saepe
929 1498 1054 1575 periclis

242 1608 363 1686 Erepta
378 1606 410 1666 in
425 1605 557 1667 viridem
572 1612 716 1684 perstant
731 1606 809 1666 haec
824 1625 921 1684 regna
936 1613 1109 1666 senectam.

241 1714 337 1773 Nunc
351 1721 458 1774 tamen
474 1713 514 1773 ad
526 1721 645 1772 metam
656 1719 787 1772 ventum
800 1719 859 1785 est,
872 1731 929 1770 nec
941 1711 1005 1772 iam
1017 1711 1081 1771 ulla
1092 1710 1239 1772 refellunt

240 1821 324 1881 Vota
339 1820 441 1879 diem:
465 1819 531 1879 fato
546 1818 696 1891 monitus,
712 1838 746 1878 se
760 1818 887 1878 tradere
903 1817 997 1878 Nilus

241 1927 385 1987 Externo
399 1924 492 1985 discit
507 1924 624 2002 populo
637 1924 863 2002 dominumque
877 1923 1008 2002 requirit

160 2011 162 2015 Ι
241 2033 301 2095 Cui
316 2032 410 2093 simul
424 2033 601 2110 Aegyptus,
617 2030 711 2092 simul
725 2031 838 2109 ingens
851 2039 962 2110 pareat
977 2030 1073 2092 orbis

240 2138 445 2216 Adscriptum
461 2137 517 2197 sed
533 2135 617 2197 enirn
632 2143 691 2210 est,
707 2135 762 2196 ubi
776 2135 840 2196 iam
855 2136 919 2196 duo
934 2136 1001 2197 fata
1015 2136 1152 2196 virorum

241 2247 291 2306 De
305 2264 431 2305 summo
444 2243 578 2321 imperio
592 2242 742 2304 certarint
758 2241 892 2315 aemula,
907 2242 1043 2303 necdum

240 2352 335 2414 Clara
350 2351 430 2412 satis
444 2350 551 2411 divom
567 2349 688 2410 steterit
702 2349 766 2422 via,
782 2357 849 2408 turn
866 2347 932 2409 fore
946 2348 1050 2430 rebus¹

241 2456 368 2518 Niliaca
381 2465 416 2517 ut
432 2454 544 2516 mulier
558 2454 665 2515 dubiis
679 2453 883 2531 superaddita
896 2454 1013 2516 bellum

239 2564 291 2624 Ad
305 2562 400 2623 finem
416 2562 611 2634 trahat-en
627 2560 710 2621 ultro
724 2559 783 2620 tibi
799 2579 913 2638 meque
927 2579 1096 2640 meumque

239 2670 393 2730 Devoveo
408 2686 550 2746 regnum,
566 2665 717 2745 quoniam
731 2666 763 2725 in
779 2686 828 2727 me
843 2665 909 2726 fata
924 2666 1074 2728 volebant

240 2776 376 2854 Indigna
390 2773 471 2835 tanti
486 2793 591 2834 rerum
606 2771 798 2834 discriminis
811 2792 881 2832 esse

239 2881 432 2944 Arbitrium:
454 2881 515 2940 hoc
529 2899 638 2952 unum,
653 2878 769 2940 oblatis
783 2888 873 2940 utare
888 2898 1052 2956 precamur

238 2988 374 3050 Auxiliis
387 3007 498 3048 omnes
513 2985 653 3046 Pharii.”

680 3091 794 3152 Finem
808 3091 862 3152 illa
877 3090 1024 3170 loquendi

238 3203 303 3264 Ore
317 3201 412 3275 dedit,
428 3200 596 3279 medioque
611 3199 705 3259 simui
719 3197 864 3259 sublimis
880 3198 1018 3278 Olympo

237 3309 420 3387 Suspensae
436 3305 573 3366 Lachesi
589 3306 684 3366 Pater
699 3303 828 3365 adnuit:
852 3303 905 3364 illa
920 3303 1021 3366 labori

239 3415 389 3476 Protinus
405 3422 531 3474 aeterno
546 3410 710 3483 incumbit,
726 3409 833 3470 letalia
848 3411 950 3485 terris,

237 3519 366 3595 Antoni,
382 3528 438 3582 tua
453 3518 614 3581 deducens
629 3515 809 3579 subtemina
825 3514 892 3578 tati.
