2954 4436
725 684 763 730 12

243 848 342 909 Addit
357 848 441 908 enim
456 849 573 910 classes
588 856 722 921 aeratas
739 847 832 909 Actia
847 848 939 921 bella,

244 955 287 1014 Et
302 953 454 1014 convulsa
470 953 566 1014 maris
581 953 775 1015 luctantibus
789 974 928 1032 aequora
942 954 1048 1026 remis,

244 1063 288 1122 Et
303 1061 397 1122 simul
412 1063 562 1140 Europae
577 1061 764 1141 Libyaeque
779 1062 938 1140 Asiaeque
953 1063 1120 1123 rubentem

245 1170 408 1248 Sanguine
422 1169 553 1230 confuso
567 1177 717 1246 pontum:
740 1189 774 1230 se
788 1170 902 1231 deinde
917 1177 1031 1230 vocato

242 1277 436 1338 Tradentem
451 1287 548 1339 vento
562 1278 693 1354 adponit
708 1279 893 1355 trepidaque
907 1276 1069 1338 volantem

246 1383 401 1462 Reginam
418 1403 511 1461 super
526 1382 590 1444 alta
605 1382 689 1463 fuga,
706 1393 736 1445 et
751 1383 815 1444 iam
831 1383 952 1444 roboris
968 1385 1073 1462 ipsum

246 1491 469 1551 Immemorem
483 1489 606 1568 antiqui
622 1489 774 1568 fugientia
789 1491 861 1550 vela
876 1499 1030 1563 secutum,

246 1600 446 1671 Dementem‚
463 1598 664 1676 nequeenim
680 1599 808 1676 quantis
822 1619 879 1658 sua
895 1600 1012 1678 cogitat
1026 1599 1112 1660 auris

246 1704 375 1765 Difficili
389 1704 516 1766 fortuna
531 1706 610 1765 freto
625 1705 743 1765 iactata
755 1705 887 1767 laboret.

247 1812 452 1891 Quamquam
467 1832 606 1872 vaesano
621 1811 681 1872 nisi
697 1821 764 1871 tum
781 1811 928 1872 cessisset
943 1812 1042 1872 amori

245 1919 286 1978 Vi
301 1919 402 1996 potuit
417 1919 546 1998 propria
560 1919 634 1980 fatis
649 1919 854 1980 obstantibus
869 1941 952 1980 unus

247 2025 424 2086 Pervicisse
437 2034 544 2087 tamen
559 2034 627 2086 toto
641 2033 671 2087 et
688 2026 878 2086 dominarier
892 2027 978 2088 orbe.

307 2238 459 2300 Constitit
474 2238 592 2298 amisso
607 2239 737 2300 ductore
751 2239 902 2300 exterrita
918 2239 1045 2300 classis:

247 2345 401 2407 Diversae
415 2345 569 2424 effugiunt
584 2345 675 2419 aliae,
690 2357 885 2424 verruntque
899 2346 1103 2424 profundum,

248 2454 329 2513 Pars
343 2461 374 2514 et
389 2452 554 2530 perfidiam
569 2453 659 2512 ducis
673 2453 838 2532 indignata
854 2453 976 2530 fugacis

246 2559 368 2620 Victori
382 2560 512 2620 tradunt
528 2580 562 2619 se
576 2558 659 2619 ultro
674 2558 865 2637 veniamque
880 2567 1022 2636 rogatam

246 2665 428 2744 Accipiunt.
471 2666 545 2742 Ipse
559 2665 679 2725 interea
695 2684 790 2741 super
804 2684 942 2743 aequora
957 2665 1076 2726 Caesar

246 2772 307 2833 Dis
321 2782 469 2851 properat
484 2772 650 2850 ventisque
664 2768 847 2830 faventibus
861 2771 979 2831 arbiter
993 2771 1089 2833 orbis,

307 2880 478 2939 Armorum
494 2878 620 2938 Phariis
634 2878 763 2955 iamque
777 2876 896 2956 ingruit
911 2877 1021 2938 horror
1036 2878 1180 2950 harenis;

248 2984 385 3046 Sedibus
399 2983 603 3061 omnigenum
618 2983 789 3061 primaevis
804 2991 945 3044 monstra
961 2984 1092 3045 deorum

247 3092 361 3170 Longo
375 3111 449 3151 curn
463 3090 614 3168 plangore
628 3097 660 3150 et
676 3089 842 3150 barbarico
857 3088 980 3150 ululatu

247 3197 391 3275 Expulsa
407 3205 571 3258 aeternum
585 3196 665 3257 caeli
679 3197 761 3257 inter
776 3196 884 3256 nubila
899 3205 1055 3274 quaerunt

247 3304 422 3365 Exsilium:
445 3303 555 3364 vacuis
569 3311 725 3364 armatam
741 3304 865 3363 adstare
882 3303 1061 3364 Minervam

246 3410 390 3489 Templis
404 3409 578 3488 respiciunt
594 3409 711 3487 pavidi,
730 3411 932 3487 Martemque
948 3410 1057 3471 Latini

247 3517 396 3580 Nominis
409 3525 581 3592 auctorem,
597 3525 630 3578 et
644 3527 735 3579 torvo
750 3516 892 3578 victricia
907 3517 994 3578 voltu
