2954 4436
746 690 786 736 10

265 852 440 914 Cristatum
456 861 553 932 caput
569 861 600 914 et
615 853 738 914 tumido
753 853 894 933 linguam
909 873 962 915 ore
978 853 1168 914 micantem:

265 959 380 1019 Fixam
395 958 496 1020 oculis
509 969 596 1022 tenet
611 960 665 1021 illa
679 968 710 1021 et
726 961 909 1021 discessisse
923 968 1082 1038 petentem

266 1065 383 1126 Adlicit
398 1066 440 1126 ad
454 1075 587 1126 mortem
602 1087 608 1126 :
632 1066 717 1126 haud
733 1065 824 1126 aliter
838 1085 992 1144 praesaga
1007 1065 1163 1126 malorum

267 1172 359 1231 Mens
373 1171 522 1250 quamvis
536 1180 621 1232 vetet
636 1171 691 1245 ire,
708 1180 826 1246 tamen,
842 1192 900 1232 ceu
915 1173 1045 1233 numine
1060 1173 1171 1249 pulsus

266 1276 458 1356 Nescioquo,
475 1276 599 1338 facilem
615 1277 735 1339 invitus
749 1287 781 1338 te
796 1278 927 1338 reddere
942 1279 1093 1355 praedam

266 1383 406 1463 Cogeris,
422 1383 552 1456 Antoni,
568 1403 748 1462 navemque
762 1384 932 1445 ascendere
946 1384 1062 1444 iussus.

326 1596 474 1674 Explicat
489 1596 610 1657 interea
626 1615 743 1675 magno
758 1596 927 1674 Cleopatra
942 1597 1083 1657 tumultu

266 1704 396 1781 Ignotos
411 1701 507 1764 Latio
521 1702 615 1763 luxus
631 1703 831 1781 dapibusque
846 1703 984 1781 superba

266 1809 429 1870 Praesidet
444 1808 625 1869 instructis:
650 1809 751 1885 primo
766 1817 872 1886 stupet
886 1810 1011 1870 advena
1025 1809 1136 1871 consul

265 1917 407 1994 Aspectu
422 1916 602 1995 tacitusque
618 1915 725 1986 sedet;
749 1915 867 1992 pallore
881 1914 1022 1977 fatentur

265 2022 397 2083 Insolito
412 2023 521 2083 vultus
535 2021 704 2100 defixaque
719 2020 840 2082 lumina
854 2029 936 2082 terra

266 2129 372 2207 Quam
386 2128 485 2188 durae
499 2128 626 2205 penitus
640 2135 796 2204 temptent
811 2128 995 2204 praecordia
1008 2127 1167 2203 flammae,

268 2236 417 2314 Quantus
431 2242 462 2295 et
477 2234 595 2294 insidat
611 2233 726 2294 misero
741 2233 829 2294 deus
874 2233 932 2294 Illa
947 2235 1002 2294 ubi
1016 2236 1118 2296 noscit

268 2342 336 2402 Iam
352 2361 410 2401 sua
425 2339 608 2401 flaminibus
622 2339 758 2418 propelli
772 2348 885 2418 coepta
901 2341 1059 2414 secundis,

266 2447 392 2508 attollit
407 2467 442 2507 se
456 2446 602 2526 ultroque
616 2447 717 2508 oculis
732 2447 916 2508 ardentibus
930 2447 1018 2508 infit:

265 2668 285 2697 ‘⁶
297 2661 459 2738 Exoptata
473 2658 549 2720 mihi
565 2670 596 2722 et
611 2659 730 2720 multos
744 2658 889 2737 praevisa
904 2680 960 2737 per
975 2681 1076 2722 annos

220 2770 223 2778 '
264 2767 424 2844 Tempora
438 2766 575 2827 fatorum
591 2786 679 2827 serus
694 2766 887 2826 circumtulit
903 2767 996 2828 ordo:

266 2877 337 2936 Iam
352 2874 443 2935 terris
458 2873 597 2952 requiem
613 2873 787 2952 firmaeque
802 2872 976 2933 novissima
991 2874 1082 2952 pacis

266 2983 362 3043 Dona
375 2989 489 3059 parant
505 2980 628 3058 Superi,
644 2989 675 3040 et
691 2979 823 3058 cupiunt
839 2979 936 3041 fatale
951 2980 1133 3059 benigni,—

265 3088 317 3148 Tu
331 3088 427 3149 modo
442 3098 532 3148 tanta
547 3087 651 3159 deum,
667 3086 821 3160 Romane,
837 3086 963 3163 incepta
978 3087 1185 3160 secundm,—

266 3194 444 3255 Discidium
461 3213 574 3255 sanare
589 3201 686 3272 atque
700 3212 797 3253 aurea
811 3193 942 3252 reddere
957 3193 1073 3253 saecla.

266 3301 357 3361 Haec
373 3320 431 3379 ego
447 3300 518 3381 (nec
534 3299 636 3380 fallor)
653 3298 753 3359 cecini
769 3319 851 3377 quae
866 3300 1015 3360 abstrusa
1030 3300 1166 3361 vetustis

265 3407 458 3486 Deprompsi
472 3407 562 3468 libris
576 3406 715 3479 oracula,
731 3425 810 3485 quos
827 3407 924 3466 Pater
938 3406 1012 3466 olim

265 3513 469 3586 Caelicolum,
486 3511 595 3592 primis
611 3532 685 3573 cum
700 3531 851 3591 magnum
867 3511 1051 3574 immitteret
1065 3511 1175 3574 orbem
